@online{chen2022forward,
  author = {Chen, J.},
  title = {Forward Rate: Definition, Uses, and Calculations},
  publisher = {Investopedia},
  year = {2022},
  url = {https://www.investopedia.com/terms/f/forwardrate.asp},
  accessdate = {2023-02-07}
}

@online{flatyield2023,
  title = {Flat Yield Curve},
  publisher = {Corporate Finance Institute},
  year = {2023},
  url = {https://corporatefinanceinstitute.com/resources/fixed-income/flat-yield-curve/},
  accessdate = {2023-02-07}
}

@online{hayes2022spot,
  author = {Hayes, A.},
  title = {Spot Rate Treasury Curve: Definition, Uses, Example, and Formula},
  publisher = {Investopedia},
  year = {2022},
  url = {https://www.investopedia.com/terms/s/spot_rate_yield_curve.asp},
  accessdate = {2023-02-07}
}

@online{hayes2023yield,
  author = {Hayes, A.},
  title = {Yield Curves Explained and How to Use Them in Investing},
  publisher = {Investopedia},
  year = {2023},
  url = {https://www.investopedia.com/terms/y/yieldcurve.asp},
  accessdate = {2023-02-07}
}

@online{milstein2022fed,
  author = {Milstein, E. and Wessel, D.},
  title = {What Did the Fed Do in Response to the COVID-19 Crisis?},
  publisher = {Brookings},
  year = {2022},
  url = {https://www.brookings.edu/research/fed-response-to-covid19/},
  accessdate = {2023-02-07}
}

@online{pca2023yield,
  title = {PCA for Yield Curve Modelling},
  publisher = {Moody's Analytics},
  url = {https://www.moodysanalytics.com/-/media/whitepaper/2014/2014-29-08-pca-for-yield-curve-modelling.pdf},
  accessdate = {2023-02-08}
}

@online{team2023quantitative,
  author = {Team, T.I.},
  title = {What is Quantitative Easing (QE), and How Does it Work?},
  publisher = {Investopedia},
  year = {2023},
  url = {https://www.investopedia.com/terms/q/quantitative-easing.asp},
  accessdate = {2023-02-07}
}
``